
@article{saltzer1984end,
  title={End-to-end arguments in system design},
  author={Saltzer, Jerome H and Reed, David P and Clark, David D},
  journal={ACM Transactions on Computer Systems (TOCS)},
  volume={2},
  number={4},
  pages={277--288},
  year={1984},
  publisher={Acm New York, NY, USA}
}

@inproceedings{clark1988design,
  title={The design philosophy of the DARPA Internet protocols},
  author={Clark, David},
  booktitle={Symposium proceedings on Communications architectures and protocols},
  pages={106--114},
  year={1988}
}
